<?xml version="1.0"?>
<marc:records xmlns:marc="http://www.loc.gov/MARC21/slim" xmlns:xsi="http://www.w3.org/2001/XMLSchema-instance" xsi:schemaLocation="http://www.loc.gov/MARC21/slim http://www.loc.gov/standards/marcxml/schema/MARC21slim.xsd">
  <marc:record>
    <marc:leader>08289ntm a2200601Ia 4500</marc:leader>
    <marc:controlfield tag="001">9977524315403681</marc:controlfield>
    <marc:controlfield tag="005">20190730142344.0</marc:controlfield>
    <marc:controlfield tag="008">190521q17191720fr            000 0 heb d</marc:controlfield>
    <marc:datafield ind1=" " ind2=" " tag="035">
  <marc:subfield code="a">(OCoLC)1101992309</marc:subfield>
</marc:datafield>
    <marc:datafield ind1=" " ind2=" " tag="035">
  <marc:subfield code="a">(OCoLC)on1101992309</marc:subfield>
</marc:datafield>
    <marc:datafield ind1=" " ind2=" " tag="040">
  <marc:subfield code="a">PAU</marc:subfield>
  <marc:subfield code="b">eng</marc:subfield>
  <marc:subfield code="c">PAU</marc:subfield>
  <marc:subfield code="e">amremm</marc:subfield>
  <marc:subfield code="d">PAU</marc:subfield>
</marc:datafield>
    <marc:datafield ind1=" " ind2="9" tag="099">
  <marc:subfield code="a">CAJS Rar Ms 500</marc:subfield>
</marc:datafield>
    <marc:datafield ind1="0" ind2=" " tag="130">
  <marc:subfield code="6">880-01</marc:subfield>
  <marc:subfield code="a">Selih&#x323;ot (Carpentras)</marc:subfield>
</marc:datafield>
    <marc:datafield ind1="1" ind2="0" tag="245">
  <marc:subfield code="6">880-02</marc:subfield>
  <marc:subfield code="a">Seder ha-ashmorot she-nohagim le-&#x2BC;omram me-R.h&#x323;. Elul &#x2BB;ad Yom Kipur ke-minhag k&#x323;.k&#x323;.K&#x323;. y.H.b.a.</marc:subfield>
</marc:datafield>
    <marc:datafield ind1=" " ind2=" " tag="260">
  <marc:subfield code="6">880-03</marc:subfield>
  <marc:subfield code="a">[Carpentras?],</marc:subfield>
  <marc:subfield code="c">1719-1720.</marc:subfield>
</marc:datafield>
    <marc:datafield ind1=" " ind2=" " tag="300">
  <marc:subfield code="a">163 leaves :</marc:subfield>
  <marc:subfield code="b">paper ;</marc:subfield>
  <marc:subfield code="c">185 x 130 (160 x 100) mm bound to 190 x 135 mm.</marc:subfield>
</marc:datafield>
    <marc:datafield ind1=" " ind2=" " tag="500">
  <marc:subfield code="a">Ms. codex.</marc:subfield>
</marc:datafield>
    <marc:datafield ind1=" " ind2=" " tag="500">
  <marc:subfield code="a">Title from title page (f. 1r)</marc:subfield>
</marc:datafield>
    <marc:datafield ind1=" " ind2=" " tag="500">
  <marc:subfield code="a">Collation: Paper, v + 163 + vi; 1&#xB9;&#xB2; (-1) 2-13&#xB9;&#xB2; 14&#x2078;; modern foliation in pencil, lower left recto, [1-163]; modern pagination in ink, upper outer corners, [1-321] (f. 2r-162v); references in this record are to the foliation.</marc:subfield>
</marc:datafield>
    <marc:datafield ind1=" " ind2=" " tag="500">
  <marc:subfield code="a">Layout: Written in 23-25 long lines; some piyutim are written in a shirah form called "ariah&#x323; &#x2BB;al gabe levenah," meaning (in masonry terms) stretcher over a course (see Talmud Bavli Megillah 16b, for example f. 82-84); another shirah form called "ariah&#x323; &#x2BB;al gabe ariah&#x323;", stretcher over a stretcher is used (for example f. 86r); other standard paragraph formats are used for other piyutim.</marc:subfield>
</marc:datafield>
    <marc:datafield ind1=" " ind2=" " tag="500">
  <marc:subfield code="a">Script:  Written in a French-Italian square script, all vocalized; headers written in Ashkenazic cursive in the hand of &#x2BB;Imanu&#x2BC;el ben Gad de Milhaud. This scribe was prolific in creation of manuscripts for prayers in the customs of French communities, and he was active in the late 17th and early 18th centuries.</marc:subfield>
</marc:datafield>
    <marc:datafield ind1=" " ind2=" " tag="500">
  <marc:subfield code="a">Decoration: Many decorative ligatures with ornamental extensions above them in headings (such as f. 2v).</marc:subfield>
</marc:datafield>
    <marc:datafield ind1=" " ind2=" " tag="500">
  <marc:subfield code="a">Binding: Brown sheepskin binding, almost completely intact, likely the original binding.</marc:subfield>
</marc:datafield>
    <marc:datafield ind1=" " ind2=" " tag="500">
  <marc:subfield code="a">Origin:  Written in Provence, likely in Carpentras, France, in 5480 (1719-1720) by &#x2BB;Imanu&#x2BC;el ben Gad de Milhaud and dated in the year 5480 (f. 1r).</marc:subfield>
</marc:datafield>
    <marc:datafield ind1=" " ind2=" " tag="500">
  <marc:subfield code="a">Watermarks: "Trevoie" along the gutter (examples, f. 161, f. 149) with a bell below it (example f. 129).</marc:subfield>
</marc:datafield>
    <marc:datafield ind1="0" ind2=" " tag="505">
  <marc:subfield code="6">880-04</marc:subfield>
  <marc:subfield code="a">1. f. 2r-20v: Ashmurah rishonah -- 2. f. 21r-30r: Ashmurah le-motsa&#x2BC;e Shabat -- 3. f. 30v-39v: Ashmurah yom sheni -- 4. f. 40r-49r: Ashmurah yom shelishi -- 5. f. 49v-58v: Ashmurah yom revi&#x2BB;i -- 6. f. 59r-67r: Ashmurah yom h&#x323;amishi -- 7. f. 67v-f. 78r: Ashmurah yom shishi -- 8. f. 78v-94v: Ashmurah &#x2BB;erev Rosh ha-Shanah -- 9. f. 95r-117r: Ashmurah tsom Gedaliah -- 10. f. 117v-127r: Ashmurah sheniah le-&#x2BB;as&#x301;eret yeme teshuvah -- 11. f. 127v-138v: Ashmurah shelishit le-&#x2BB;as&#x301;eret yeme teshuvah -- 12. f. 139r-151r: Ashmurah revi&#x2BB;it le-&#x2BB;as&#x301;eret yeme teshuvah 13. f. 151v-162v: Ashmurah h&#x323;amishit  le-&#x2BB;as&#x301;eret yeme teshuvah.</marc:subfield>
</marc:datafield>
    <marc:datafield ind1=" " ind2=" " tag="524">
  <marc:subfield code="a">UPenn CAJS Rar Ms 500.</marc:subfield>
</marc:datafield>
    <marc:datafield ind1=" " ind2=" " tag="546">
  <marc:subfield code="a">Hebrew.</marc:subfield>
</marc:datafield>
    <marc:datafield ind1="1" ind2=" " tag="561">
  <marc:subfield code="a">Formerly owned by Yosef de Monteles (inscription inside front cover, approximately 1730-1760).</marc:subfield>
</marc:datafield>
    <marc:datafield ind1="1" ind2=" " tag="561">
  <marc:subfield code="a">Presented to The Penn Libraries in 2018 by Joseph and Susan Moldovan (C'76).</marc:subfield>
</marc:datafield>
    <marc:datafield ind1=" " ind2="0" tag="650">
  <marc:subfield code="a">Fasts and feasts</marc:subfield>
  <marc:subfield code="x">Judaism</marc:subfield>
  <marc:subfield code="x">Liturgy</marc:subfield>
  <marc:subfield code="v">Texts.</marc:subfield>
</marc:datafield>
    <marc:datafield ind1=" " ind2="0" tag="650">
  <marc:subfield code="a">High Holidays</marc:subfield>
  <marc:subfield code="x">Liturgy</marc:subfield>
  <marc:subfield code="v">Texts.</marc:subfield>
</marc:datafield>
    <marc:datafield ind1=" " ind2="0" tag="650">
  <marc:subfield code="a">Jews</marc:subfield>
  <marc:subfield code="z">France</marc:subfield>
  <marc:subfield code="z">Carpentras</marc:subfield>
  <marc:subfield code="x">History</marc:subfield>
  <marc:subfield code="v">Sources.</marc:subfield>
</marc:datafield>
    <marc:datafield ind1=" " ind2="7" tag="655">
  <marc:subfield code="a">Codices (bound manuscripts)</marc:subfield>
  <marc:subfield code="2">aat</marc:subfield>
</marc:datafield>
    <marc:datafield ind1=" " ind2="7" tag="655">
  <marc:subfield code="a">Prayer books.</marc:subfield>
  <marc:subfield code="2">aat</marc:subfield>
</marc:datafield>
    <marc:datafield ind1=" " ind2="7" tag="655">
  <marc:subfield code="a">Manuscripts, Hebrew</marc:subfield>
  <marc:subfield code="y">18th century.</marc:subfield>
  <marc:subfield code="2">local</marc:subfield>
</marc:datafield>
    <marc:datafield ind1=" " ind2="0" tag="655">
  <marc:subfield code="a">Manuscripts, European.</marc:subfield>
</marc:datafield>
    <marc:datafield ind1="1" ind2=" " tag="700">
  <marc:subfield code="6">880-05</marc:subfield>
  <marc:subfield code="a">Milhaud, &#x2BB;Imanu&#x2BC;el ben Gad de,</marc:subfield>
  <marc:subfield code="e">scribe.</marc:subfield>
</marc:datafield>
    <marc:datafield ind1="1" ind2=" " tag="700">
  <marc:subfield code="6">880-06</marc:subfield>
  <marc:subfield code="a">Monteles, Yosef de,</marc:subfield>
  <marc:subfield code="e">former owner.</marc:subfield>
</marc:datafield>
    <marc:datafield ind1="1" ind2=" " tag="700">
  <marc:subfield code="a">Moldovan, Joseph,</marc:subfield>
  <marc:subfield code="e">donor.</marc:subfield>
</marc:datafield>
    <marc:datafield ind1="1" ind2=" " tag="700">
  <marc:subfield code="a">Moldovan, Susan,</marc:subfield>
  <marc:subfield code="e">donor.</marc:subfield>
</marc:datafield>
    <marc:datafield ind1="2" ind2=" " tag="710">
  <marc:subfield code="a">Moldovan Family Judaica Collection (University of Pennsylvania)</marc:subfield>
  <marc:subfield code="5">PU</marc:subfield>
</marc:datafield>
    <marc:datafield ind1="0" ind2="0" tag="773">
  <marc:subfield code="t">Moldovan Family Judaica Collection (University of Pennsylvania)</marc:subfield>
</marc:datafield>
    <marc:datafield ind1=" " ind2=" " tag="852">
  <marc:subfield code="b">Library at the Herbert D. Katz Center for Advanced Judaic Studies</marc:subfield>
  <marc:subfield code="a">University of Pennsylvania</marc:subfield>
  <marc:subfield code="e">420 Walnut Street, Philadelphia, Pennsylvania 19106-3703.</marc:subfield>
  <marc:subfield code="j">CAJS Rar Ms 500</marc:subfield>
</marc:datafield>
    <marc:datafield ind1="0" ind2=" " tag="880">
  <marc:subfield code="6">130-01//r</marc:subfield>
  <marc:subfield code="a">&#x5E1;&#x5DC;&#x5D9;&#x5D7;&#x5D5;&#x5EA; (&#x5E7;&#x5E8;&#x5E4;&#x5D9;&#x5E0;&#x5D8;&#x5E8;&#x5E1;)</marc:subfield>
</marc:datafield>
    <marc:datafield ind1="1" ind2="0" tag="880">
  <marc:subfield code="6">245-02//r</marc:subfield>
  <marc:subfield code="a">&#x5E1;&#x5D3;&#x5E8; &#x5D4;&#x5D0;&#x5E9;&#x5DE;&#x5D5;&#x5E8;&#x5D5;&#x5EA; &#x5E9;&#x5E0;&#x5D5;&#x5D4;&#x5D2;&#x5D9;&#x5DD; &#x5DC;&#x5D0;&#x5D5;&#x5DE;&#x5E8;&#x5DD; &#x5DE;&#x5E8;"&#x5D7; &#x5D0;&#x5DC;&#x5D5;&#x5DC; &#x5E2;&#x5D3; &#x5D9;&#x5D5;&#x5DD; &#x5DB;&#x5E4;&#x5D5;&#x5E8; &#x5DB;&#x5DE;&#x5E0;&#x5D4;&#x5D2; &#x5E7;&#x5E7;"&#x5E7;  &#x5D9;&#x5D4;&#x5D1;"&#x5D0;.</marc:subfield>
</marc:datafield>
    <marc:datafield ind1=" " ind2=" " tag="880">
  <marc:subfield code="6">260-03//r</marc:subfield>
  <marc:subfield code="a">[&#x5E7;&#x5E8;&#x5E4;&#x5D9;&#x5E0;&#x5D8;&#x5E8;&#x5E1;?],</marc:subfield>
  <marc:subfield code="c">1719-1720.</marc:subfield>
</marc:datafield>
    <marc:datafield ind1="0" ind2=" " tag="880">
  <marc:subfield code="6">505-04//r</marc:subfield>
  <marc:subfield code="a">1. f. 2r-20v: &#x5D0;&#x5E9;&#x5DE;&#x5D5;&#x5E8;&#x5D4; &#x5E8;&#x5D0;&#x5E9;&#x5D5;&#x5E0;&#x5D4; -- 2. f. 21r-30r: &#x5D0;&#x5E9;&#x5DE;&#x5D5;&#x5E8;&#x5D4; &#x5DC;&#x5DE;&#x5D5;&#x5E6;&#x5D0;&#x5D9; &#x5E9;&#x5D1;&#x5EA; -- 3. f. 30v-39v: &#x5D0;&#x5E9;&#x5DE;&#x5D5;&#x5E8;&#x5D4; &#x5D9;&#x5D5;&#x5DD; &#x5E9;&#x5E0;&#x5D9; -- 4. f. 40r-49r: &#x5D0;&#x5E9;&#x5DE;&#x5D5;&#x5E8;&#x5D4; &#x5D9;&#x5D5;&#x5DD; &#x5E9;&#x5DC;&#x5D9;&#x5E9;&#x5D9; -- 5. f. 49v-58v: &#x5D0;&#x5E9;&#x5DE;&#x5D5;&#x5E8;&#x5D4; &#x5D9;&#x5D5;&#x5DD; &#x5E8;&#x5D1;&#x5D9;&#x5E2;&#x5D9; -- 6. f. 59r-67r: &#x5D0;&#x5E9;&#x5DE;&#x5D5;&#x5E8;&#x5D4; &#x5D9;&#x5D5;&#x5DD; &#x5D7;&#x5DE;&#x5D9;&#x5E9;&#x5D9; -- 7. f. 67v-f. 78r: &#x5D0;&#x5E9;&#x5DE;&#x5D5;&#x5E8;&#x5D4; &#x5D9;&#x5D5;&#x5DD; &#x5E9;&#x5D9;&#x5E9;&#x5D9; -- 8. f. 78v-94v: &#x5D0;&#x5E9;&#x5DE;&#x5D5;&#x5E8;&#x5D4; &#x5E2;&#x5E8;&#x5D1; &#x5E8;&#x5D0;&#x5E9; &#x5D4;&#x5E9;&#x5E0;&#x5D4; -- 9. f. 95r-117r: &#x5D0;&#x5E9;&#x5DE;&#x5D5;&#x5E8;&#x5D4; &#x5E6;&#x5D5;&#x5DD; &#x5D2;&#x5D3;&#x5DC;&#x5D9;&#x5D4; -- 10. f. 117v-127r: &#x5D0;&#x5E9;&#x5DE;&#x5D5;&#x5E8;&#x5D4; &#x5E9;&#x5E0;&#x5D9;&#x5D4; &#x5DC;&#x5E2;&#x5E9;&#x5E8;&#x5EA; &#x5D9;&#x5DE;&#x5D9; &#x5EA;&#x5E9;&#x5D5;&#x5D1;&#x5D4; -- 11. f. 127v-138v: &#x5D0;&#x5E9;&#x5DE;&#x5D5;&#x5E8;&#x5D4; &#x5E9;&#x5DC;&#x5D9;&#x5E9;&#x5D9;&#x5EA; &#x5DC;&#x5E2;&#x5E9;&#x5E8;&#x5EA; &#x5D9;&#x5DE;&#x5D9; &#x5EA;&#x5E9;&#x5D5;&#x5D1;&#x5D4; -- 12. f. 139r-151r: &#x5D0;&#x5E9;&#x5DE;&#x5D5;&#x5E8;&#x5D4; &#x5E8;&#x5D1;&#x5D9;&#x5E2;&#x5D9;&#x5EA; &#x5DC;&#x5E2;&#x5E9;&#x5E8;&#x5EA; &#x5D9;&#x5DE;&#x5D9; &#x5EA;&#x5E9;&#x5D5;&#x5D1;&#x5D4; -- 13. f. 151v-162v: &#x5D0;&#x5E9;&#x5DE;&#x5D5;&#x5E8;&#x5D4; &#x5D7;&#x5DE;&#x5D9;&#x5E9;&#x5D9;&#x5EA; &#x5DC;&#x5E2;&#x5E9;&#x5E8;&#x5EA; &#x5D9;&#x5DE;&#x5D9; &#x5EA;&#x5E9;&#x5D5;&#x5D1;&#x5D4;.</marc:subfield>
</marc:datafield>
    <marc:datafield ind1="1" ind2=" " tag="880">
  <marc:subfield code="6">700-05//r</marc:subfield>
  <marc:subfield code="a">&#x5D3;&#x5DE;&#x5D9;&#x5DC;&#x5D9;&#x5D9;&#x5D0;&#x5D1;, &#x5E2;&#x5DE;&#x5E0;&#x5D5;&#x5D0;&#x5DC; &#x5D1;&#x5DF; &#x5D2;&#x5D3;,</marc:subfield>
  <marc:subfield code="e">&#x5E1;&#x5D5;&#x5E4;&#x5E8;.</marc:subfield>
</marc:datafield>
    <marc:datafield ind1="1" ind2=" " tag="880">
  <marc:subfield code="6">700-06//r</marc:subfield>
  <marc:subfield code="a">&#x5D3;&#x5DE;&#x5D5;&#x5E0;&#x5D8;&#x5D9;&#x5DC;&#x5D9;&#x5E5;, &#x5D9;&#x5D5;&#x5E1;&#x5E3;,</marc:subfield>
  <marc:subfield code="e">&#x5D1;&#x5E2;&#x5DC;&#x5D9;&#x5DD; &#x5E7;&#x5D5;&#x5D3;&#x5DE;&#x5D9;&#x5DD;.</marc:subfield>
</marc:datafield>
    <marc:datafield ind1=" " ind2=" " tag="880">
  <marc:subfield code="6">520-00//r</marc:subfield>
  <marc:subfield code="a">This is a manuscript of Selih&#x323;ot in the rite of Carpentras, France, covering the Selih&#x323;ot recitations for the High Holidays. The title contains two acronyms, k&#x323;.k&#x323;.K&#x323;. (&#x5E7;&#x5E7;"&#x5E7;, k&#x323;ehilah k&#x323;edoshah K&#x323;arpintrats), and y.H.b.a. (&#x5D9;&#x5D4;&#x5D1;"&#x5D0;, yagen H. ba&#x2BB;adam amen); it follows a layout style similar to other manuscripts done by &#x2BB;Imanu&#x2BC;el ben Gad de Milhaud over the course of his writing, and this manuscript is at the very end of his career. The manuscript contains separate elements for each day of Selih&#x323;ot, with the day of Rosh ha-Shanah missing from the cycle. The headings for the piyutim include Rehut&#x323;ah and Selih&#x323;ah, with some piyutim missing headings.</marc:subfield>
</marc:datafield>
    <marc:datafield ind1=" " ind2=" " tag="948">
  <marc:subfield code="h">HELD BY PAU - 0 OTHER HOLDINGS</marc:subfield>
</marc:datafield>
    <marc:datafield ind1=" " ind2=" " tag="994">
  <marc:subfield code="a">Z0</marc:subfield>
  <marc:subfield code="b">PAU</marc:subfield>
</marc:datafield>
    <marc:datafield ind1=" " ind2=" " tag="996">
  <marc:subfield code="a">hinge-right</marc:subfield>
</marc:datafield>
    <marc:holdings>
      <marc:holding>
        <marc:holding_id>22588222910003681</marc:holding_id>
        <marc:call_number>CAJS Rar Ms 500</marc:call_number>
        <marc:library>KatzLib</marc:library>
        <marc:location>cjsrarms</marc:location>
      </marc:holding>
    </marc:holdings>
  </marc:record>
</marc:records>
